<record><leader>01074cam a2200313 a 4500</leader><controlfield tag="001">1368741</controlfield><controlfield tag="008">910403s1985    gw ag    b      1 0 ger d</controlfield><datafield ind1=" " ind2=" " tag="010"><subfield code="a">   86119697 /MN</subfield></datafield><datafield ind1=" " ind2=" " tag="020"><subfield code="a">3890070167</subfield></datafield><datafield ind1=" " ind2=" " tag="035"><subfield code="a">ocm13206750</subfield></datafield><datafield ind1=" " ind2=" " tag="040"><subfield code="a">DLC</subfield><subfield code="b">eng</subfield><subfield code="c">DLC</subfield></datafield><datafield ind1=" " ind2=" " tag="043"><subfield code="a">e-au---</subfield></datafield><datafield ind1=" " ind2=" " tag="049"><subfield code="a">AEU</subfield><subfield code="b">eng</subfield></datafield><datafield ind1="0" ind2="0" tag="050"><subfield code="a">ML246.8.V6</subfield><subfield code="b">G47 1985</subfield></datafield><datafield ind1="0" ind2=" " tag="082"><subfield code="a">781.7436/13</subfield><subfield code="2">19</subfield></datafield><datafield ind1="0" ind2=" " tag="090"><subfield code="a">ML 246.8 V6 G372 1985</subfield></datafield><datafield ind1="1" ind2=" " tag="100"><subfield code="a">Gerlach, Reinhard,</subfield><subfield code="d">1934-</subfield></datafield><datafield ind1="1" ind2="0" tag="245"><subfield code="a">Musik und Jugendstil der Wiener Schule, 1900-1908 /</subfield><subfield code="c">Reinhard Gerlach.</subfield></datafield><datafield ind1=" " ind2=" " tag="260"><subfield code="a">Laaber :</subfield><subfield code="b">Laaber-Verlag,</subfield><subfield code="c">c1985.</subfield></datafield><datafield ind1=" " ind2=" " tag="300"><subfield code="a">vii, 332 p. :</subfield><subfield code="b">ill. (some col.), music ;</subfield><subfield code="c">29 cm.</subfield></datafield><datafield ind1=" " ind2=" " tag="336"><subfield code="a">text</subfield><subfield code="b">txt</subfield><subfield code="2">rdacontent</subfield></datafield><datafield ind1=" " ind2=" " tag="337"><subfield code="a">unmediated</subfield><subfield code="b">n</subfield><subfield code="2">rdamedia</subfield></datafield><datafield ind1=" " ind2=" " tag="338"><subfield code="a">volume</subfield><subfield code="b">nc</subfield><subfield code="2">rdacarrier</subfield></datafield><datafield ind1=" " ind2=" " tag="500"><subfield code="a">Includes indexes.</subfield></datafield><datafield ind1=" " ind2=" " tag="504"><subfield code="a">Bibliography: p. [308]-315.</subfield></datafield><datafield ind1=" " ind2=" " tag="504"><subfield code="a">Discography: p. [316].</subfield></datafield><datafield ind1=" " ind2=" " tag="596"><subfield code="a">43</subfield></datafield><datafield ind1=" " ind2="0" tag="650"><subfield code="a">Music</subfield><subfield code="z">Austria</subfield><subfield code="z">Vienna</subfield><subfield code="y">20th century</subfield><subfield code="x">History and criticism.</subfield></datafield><datafield ind1=" " ind2=" " tag="926"><subfield code="a">ML 246.8 V6 G372 1985</subfield><subfield code="w">LC</subfield><subfield code="c">1</subfield><subfield code="i">000036047512</subfield><subfield code="d">12/23/2003</subfield><subfield code="e">1/3/2004</subfield><subfield code="l">MUSIC</subfield><subfield code="m">UAHSS</subfield><subfield code="n">1</subfield><subfield code="p">$150.00</subfield><subfield code="r">Y</subfield><subfield code="s">Y</subfield><subfield code="t">BOOK</subfield><subfield code="u">4/5/1991</subfield></datafield></record>